<?xml version="1.0" encoding="UTF-8" ?><marc:collection xmlns:marc="http://www.loc.gov/MARC21/slim" xmlns:xsi="http://www.w3.org/2001/XMLSchema-instance" xsi:schemaLocation="http://www.loc.gov/MARC21/slim http://www.loc.gov/standards/marcxml/schema/MARC21slim.xsd">
<marc:record><marc:leader>02580cam a2200421Ii 4500</marc:leader>
<marc:controlfield tag="001">b13171604</marc:controlfield>
<marc:controlfield tag="003">UaCaAUL</marc:controlfield><marc:controlfield tag="005">20170305115631.0</marc:controlfield><marc:controlfield tag="008">881019ruuuu1898le            000 0 ara d</marc:controlfield><marc:datafield tag="035" ind1=" " ind2=" "><marc:subfield code="a">(OCoLC)29921255</marc:subfield><marc:subfield code="z">(OCoLC)23510263</marc:subfield></marc:datafield><marc:datafield tag="040" ind1=" " ind2=" "><marc:subfield code="a">PUL</marc:subfield><marc:subfield code="b">eng</marc:subfield><marc:subfield code="e">rda</marc:subfield><marc:subfield code="c">PUL</marc:subfield><marc:subfield code="d">EYM</marc:subfield><marc:subfield code="d">IUL</marc:subfield><marc:subfield code="d">OCLCQ</marc:subfield><marc:subfield code="d">IUL</marc:subfield><marc:subfield code="d">OCLCA</marc:subfield><marc:subfield code="d">OCLCQ</marc:subfield><marc:subfield code="d">OCLCO</marc:subfield><marc:subfield code="d">OCLCA</marc:subfield><marc:subfield code="d">OCLCQ</marc:subfield><marc:subfield code="d">OCLCF</marc:subfield><marc:subfield code="d">MEAUC</marc:subfield></marc:datafield><marc:datafield tag="049" ind1=" " ind2=" "><marc:subfield code="a">MAIN</marc:subfield></marc:datafield><marc:datafield tag="050" ind1=" " ind2="4"><marc:subfield code="a">BP130.4</marc:subfield><marc:subfield code="b">.W284 1898a</marc:subfield></marc:datafield><marc:datafield tag="066" ind1=" " ind2=" "><marc:subfield code="c">(3</marc:subfield></marc:datafield><marc:datafield tag="090" ind1=" " ind2=" "><marc:subfield code="a">BP130.4</marc:subfield><marc:subfield code="b">.W284 1898a</marc:subfield></marc:datafield><marc:datafield tag="100" ind1="1" ind2=" "><marc:subfield code="6">880-01</marc:subfield><marc:subfield code="a">Wāḥidī, Abū al-Ḥasan ʻAlī ibn Aḥmad,</marc:subfield><marc:subfield code="d">-1075 or 1076.</marc:subfield></marc:datafield><marc:datafield tag="245" ind1="1" ind2="0"><marc:subfield code="6">880-02</marc:subfield><marc:subfield code="a">Asbāb al-nuzūl /</marc:subfield><marc:subfield code="c">taṣnīf al-Shaykh al-Imām Abī al-Ḥasan ʻalī ibn Aḥmad al-Wāḥidī al-Nīsāburī. Wa-bi-hāmishihi al-Nāsikh wa-al-mansūkh / taʼlīf al-Shaykh al-Imām al-muḥaqqiq Abī al-Qāsim Hibat Allāh ibn Salāmah Abī al-Naṣr.</marc:subfield></marc:datafield><marc:datafield tag="264" ind1=" " ind2="1"><marc:subfield code="6">880-03</marc:subfield><marc:subfield code="a">Bayrūt :</marc:subfield><marc:subfield code="b">ʻĀlam al-Kutub,</marc:subfield><marc:subfield code="c">1898 [reprinted]</marc:subfield></marc:datafield><marc:datafield tag="264" ind1=" " ind2="2"><marc:subfield code="6">880-04</marc:subfield><marc:subfield code="a">al-Qāhirah :</marc:subfield><marc:subfield code="b">tawzīʻ Maktabat al-Mutanabbī ;</marc:subfield><marc:subfield code="a">Dimashq :</marc:subfield><marc:subfield code="b">Maktabat Saʻd al-Dīn.</marc:subfield></marc:datafield><marc:datafield tag="300" ind1=" " ind2=" "><marc:subfield code="a">348, 5 pages ;</marc:subfield><marc:subfield code="c">25 cm.</marc:subfield></marc:datafield><marc:datafield tag="336" ind1=" " ind2=" "><marc:subfield code="a">text</marc:subfield><marc:subfield code="b">txt</marc:subfield><marc:subfield code="2">rdacontent.</marc:subfield></marc:datafield><marc:datafield tag="337" ind1=" " ind2=" "><marc:subfield code="a">unmediated</marc:subfield><marc:subfield code="b">n</marc:subfield><marc:subfield code="2">rdamedia.</marc:subfield></marc:datafield><marc:datafield tag="338" ind1=" " ind2=" "><marc:subfield code="a">volume</marc:subfield><marc:subfield code="b">nc</marc:subfield><marc:subfield code="2">rdacarrier.</marc:subfield></marc:datafield><marc:datafield tag="534" ind1=" " ind2=" "><marc:subfield code="p">Reprint. Originally published : Miṣr : al-Maṭbaʻah al-Hindīyah, 1898.</marc:subfield></marc:datafield><marc:datafield tag="630" ind1="0" ind2="0"><marc:subfield code="a">Qurʼan</marc:subfield><marc:subfield code="x">Criticism, interpretation, etc.</marc:subfield></marc:datafield><marc:datafield tag="630" ind1="0" ind2="0"><marc:subfield code="a">Qurʼan</marc:subfield><marc:subfield code="v">Commentaries.</marc:subfield></marc:datafield><marc:datafield tag="630" ind1="0" ind2="0"><marc:subfield code="a">Qurʼan</marc:subfield><marc:subfield code="x">Abrogator and abrogated verses.</marc:subfield></marc:datafield><marc:datafield tag="700" ind1="0" ind2="2"><marc:subfield code="6">880-05</marc:subfield><marc:subfield code="a">Hibat Allāh ibn Salāmah,</marc:subfield><marc:subfield code="d">-1019.</marc:subfield><marc:subfield code="t">Nāsikh wa-al-mansūkh.</marc:subfield></marc:datafield><marc:datafield tag="776" ind1="0" ind2="8"><marc:subfield code="i">Online version:</marc:subfield><marc:subfield code="a">Vāḥidī Nīshābūrī, Abū al-Ḥasan ʻAlī, -1075 or 6.</marc:subfield><marc:subfield code="t">Asbāb al-nuzūl.</marc:subfield><marc:subfield code="d">Bayrūt : ʻĀlam al-Kutub, [197-]</marc:subfield><marc:subfield code="w">(OCoLC)565162633.</marc:subfield></marc:datafield><marc:datafield tag="880" ind1="1" ind2=" "><marc:subfield code="6">100-01/(3/r</marc:subfield><marc:subfield code="a">واحدي، ابو الحسن علي بن احمد،‪</marc:subfield><marc:subfield code="d">1075 أو 1076.</marc:subfield></marc:datafield><marc:datafield tag="880" ind1="1" ind2="0"><marc:subfield code="6">245-02/(3/r</marc:subfield><marc:subfield code="a">أسباب النزول /‪</marc:subfield><marc:subfield code="c">تصنيف الشيخ الإمام أبي الحسن علي بن أحمد الواحدي النيسابري. وبهامشه الناسخ والمنسوخ / تأليف الشيخ الإمام المحقق أبي القاسم هبة الله إبن سلامة أبي النصر..</marc:subfield></marc:datafield><marc:datafield tag="880" ind1=" " ind2="1"><marc:subfield code="6">264-03/(3/r</marc:subfield><marc:subfield code="a">بيروت :‪</marc:subfield><marc:subfield code="b">عالم الكتب،‪</marc:subfield><marc:subfield code="c">1898 [reprinted]</marc:subfield></marc:datafield><marc:datafield tag="880" ind1=" " ind2="2"><marc:subfield code="6">264-04/(3/r</marc:subfield><marc:subfield code="a">القاهرة :‪</marc:subfield><marc:subfield code="b">توزيع مكتبة المتنبي ؛‪</marc:subfield><marc:subfield code="a">دمشق :‪</marc:subfield><marc:subfield code="b">مكتبة سعد الدين..</marc:subfield></marc:datafield><marc:datafield tag="880" ind1="0" ind2="2"><marc:subfield code="6">700-05/(3/r</marc:subfield><marc:subfield code="a">هبة الله بن سلامة،‪</marc:subfield><marc:subfield code="d">- 1019.</marc:subfield><marc:subfield code="t">ناسخ والمنسوخ..</marc:subfield></marc:datafield><marc:datafield tag="907" ind1=" " ind2=" "><marc:subfield code="a">.b13171604</marc:subfield><marc:subfield code="b">main </marc:subfield></marc:datafield><marc:datafield tag="902" ind1=" " ind2=" "><marc:subfield code="a">171011</marc:subfield></marc:datafield><marc:datafield tag="998" ind1=" " ind2=" "><marc:subfield code="b">1</marc:subfield><marc:subfield code="c">050213</marc:subfield><marc:subfield code="d">m</marc:subfield><marc:subfield code="e">a</marc:subfield><marc:subfield code="f">-</marc:subfield><marc:subfield code="g">0</marc:subfield><marc:subfield code="k">TA</marc:subfield></marc:datafield><marc:datafield tag="945" ind1=" " ind2=" "><marc:subfield code="l">main </marc:subfield></marc:datafield></marc:record>
</marc:collection>
